@ARTICLE{554195,
  author={Lawrence, S. and Giles, C.L. and Ah Chung Tsoi and Back, A.D.},
  journal={IEEE Transactions on Neural Networks}, 
  title={Face recognition: a convolutional neural-network approach}, 
  year={1997},
  volume={8},
  number={1},
  pages={98-113},
  doi={10.1109/72.554195}}

@misc{securityindustry_2025_transforming,
  title={Transforming Security: The Role of AI in the Security Industry},
  author={Security Industry Association},
  year={2025},
  note={\url{https://www.securityindustry.org/ai-in-security-2025}}
}

@misc{kairos_secret_2018,
  title={The Secret to Facial Recognition Accuracy},
  author={Kairos},
  year={2018},
  note={\url{https://www.kairos.com/blog/the-secret-to-facial-recognition-accuracy}}
}

@misc{geeksforgeeks_dataset_2025,
  title={Facial Recognition Dataset: Importance and Best Practices},
  author={GeeksforGeeks},
  year={2025},
  note={\url{https://www.geeksforgeeks.org/facial-recognition-dataset-importance}}
}

@misc{getfocal_biometric_2025,
  title={Biometric Data Security and Privacy in 2025},
  author={GetFocal},
  year={2025},
  note={\url{https://getfocal.com/biometric-security-privacy-2025}}
}

@misc{transcend_ccpa_2025,
  title={CCPA/CPRA Compliance for Biometric Data},
  author={Transcend},
  year={2025},
  note={\url{https://transcend.io/ccpa-cpra-biometric-data}}
}

@misc{recfaces_false_2024,
  title={False Acceptance and Rejection Rates in Facial Recognition},
  author={RecFaces},
  year={2024},
  note={\url{https://recfaces.com/articles/false-acceptance-rejection-rates}}
}

@misc{ergun_2025_ethical,
  title={Ethical Considerations in Facial Recognition},
  author={Ergun, S.},
  year={2025},
  note={\url{https://www.ethicsinfacialrecognition.com/ergun-2025}}
}

@misc{sustainability_2025_ethical,
  title={Sustainability and Ethics in AI-Based Surveillance},
  author={Sustainability Journal},
  year={2025},
  note={\url{https://www.sustainabilityjournal.com/ai-ethics-surveillance}}
}